<?xml version="1.0" encoding="UTF-8"?><collection xmlns="http://www.loc.gov/MARC21/slim"><record><leader>00538nam--2200181-i-4500</leader><controlfield tag="001">000019345</controlfield><controlfield tag="002">20161230</controlfield><controlfield tag="005">20161230201033</controlfield><controlfield tag="008">060222s1000------------r-----000-0-eng-d</controlfield><datafield ind1=" " ind2=" " tag="040"><subfield code="a">IFIN-HH</subfield></datafield><datafield ind1=" " ind2=" " tag="080"><subfield code="a">537.226</subfield></datafield><datafield ind1="1" ind2=" " tag="110"><subfield code="a">The Institution Of Electrical Engineers</subfield></datafield><datafield ind1="1" ind2="0" tag="245"><subfield code="a">Conference on dielectric materials, measurements and applications, 20-24 july 1970</subfield></datafield><datafield ind1=" " ind2=" " tag="260"><subfield code="a">Kent</subfield><subfield code="b">C.Baldwin Ltd</subfield><subfield code="c">1970</subfield></datafield><datafield ind1=" " ind2=" " tag="300"><subfield code="a">IX + 339 P</subfield></datafield><datafield ind1=" " ind2=" " tag="490"><subfield code="a">Conference Publication</subfield><subfield code="v">Vol. 67</subfield></datafield><datafield ind1=" " ind2=" " tag="852"><subfield code="a">35963</subfield><subfield code="c">537.226</subfield></datafield><datafield ind1=" " ind2=" " tag="CAT"><subfield code="a">Sys</subfield><subfield code="c">20110706</subfield><subfield code="h">112258</subfield></datafield></record></collection>